@inproceedings{hermes,
  title={HERMES - A high-speed acoustic modem for real-time transmission
    of uncompressed image and status transmission in port environment and
    very shallow water},
  author={Beaujean, Pierre-Philippe J and
          Carlson, Edward A and
	  Spruance, John and
	  Kriel, Dion},
  booktitle={OCEANS 2008},
  pages={1--9},
  year={2008},
  organization={IEEE}
}
